@book{mk1999,
	author    = {Murasugi, Kunio and Kurpita, Bohdan I.},
	title     = {A Study of Braids},
	series    = {Mathematics and Its Applications},
	publisher = {Springer},
	location  = {Dordrecht},
	year      = {1999},
	edition   = {1},
	isbn      = {978-0-7923-5767-4},
	doi       = {10.1007/978-94-015-9319-9},
}

@book{primer,
	author    = {Farb, Benson and Margalit, Dan},
	title     = {A Primer on Mapping Class Groups},
   publisher = {Princeton University Press},
	location  = {Princeton, NJ},
	year      = {2012},
	series    = {Princeton Mathematical Series},
	isbn      = {978-1-4008-3904-9},
	url       = {https://www.jstor.org/stable/j.ctt7rkjw},
   pages     = {488},
}

@book{df,
	author    = {Dummit, David S. and Foote, Richard M.},
	title     = {Abstract Algebra},
	year      = {2004},
	edition   = {3},
	publisher = {John Wiley \& Sons},
	address   = {Hoboken, NJ},
	isbn      = {0-471-43334-7},
}

@article{korkmaz2002,
	author    = {Korkmaz, Mustafa},
	title     = {Mapping Class Groups of Nonorientable Surfaces},
	journal   = {Geometriae Dedicata},
	volume    = {89},
	number    = {1},
	year      = {2002},
	pages     = {107â€“-131},
	doi       = {10.1023/a:1014289127999},
	issn      = {0046-5755},
	publisher = {Springer},
}

@misc{paris2014,
	author        = {Paris, Luis},
	title         = {Mapping Class Groups of Non-Orientable Surfaces For
						Beginners}, 
	year          = {2014},
	eprint        = {1410.1123},
	archivePrefix = {arXiv},
	primaryClass  = {math.GT},
	url           = {https://arxiv.org/abs/1410.1123}, 
}

@book{hatcherAT,
  author    = {Hatcher, Allen},
  title     = {Algebraic Topology},
  year      = {2002},
  publisher = {Cambridge University Press},
  location  = {Cambridge},
  isbn      = {9780521795401},
  url       = {https://pi.math.cornell.edu/~hatcher/AT/ATpage.html},
},
